@MISC{polarion_alm,
	title = "Polarion ALM",
	howpublished = "[online]",
	note = "[cit. 2018-05-01s]",
	url = "https://polarion.plm.automation.siemens.com/"	
}